@ARTICLE{skumanich1972,
   author = {{Skumanich}, A.},
    title = "{Time Scales for CA II Emission Decay, Rotational Braking, and Lithium Depletion}",
  journal = {\apj},
     year = 1972,
    month = feb,
   volume = 171,
    pages = {565},
      doi = {10.1086/151310},
   adsurl = {http://adsabs.harvard.edu/abs/1972ApJ...171..565S},
  adsnote = {Provided by the SAO/NASA Astrophysics Data System}
}

@ARTICLE{kraft1967,
   author = {{Kraft}, R.~P.},
    title = "{Studies of Stellar Rotation. V. The Dependence of Rotation on Age among Solar-Type Stars}",
  journal = {\apj},
     year = 1967,
    month = nov,
   volume = 150,
    pages = {551},
      doi = {10.1086/149359},
   adsurl = {http://adsabs.harvard.edu/abs/1967ApJ...150..551K},
  adsnote = {Provided by the SAO/NASA Astrophysics Data System}
}

@ARTICLE{kawaler1988,
   author = {{Kawaler}, S.~D.},
    title = "{Angular momentum loss in low-mass stars}",
  journal = {\apj},
 keywords = {Angular Momentum, Stellar Mass Ejection, Stellar Models, Stellar Rotation, Stellar Winds, Pre-Main Sequence Stars, Stellar Evolution, Stellar Interiors, Stellar Magnetic Fields},
     year = 1988,
    month = oct,
   volume = 333,
    pages = {236-247},
      doi = {10.1086/166740},
   adsurl = {http://adsabs.harvard.edu/abs/1988ApJ...333..236K},
  adsnote = {Provided by the SAO/NASA Astrophysics Data System}
}

@ARTICLE{kawaler1989,
   author = {{Kawaler}, S.~D.},
    title = "{Rotational dating of middle-aged stars}",
  journal = {\apjl},
 keywords = {Main Sequence Stars, Stellar Evolution, Stellar Models, Stellar Rotation, Angular Momentum, Calibrating, Open Clusters, Stellar Mass, Stellar Winds},
     year = 1989,
    month = aug,
   volume = 343,
    pages = {L65-L68},
      doi = {10.1086/185512},
   adsurl = {http://adsabs.harvard.edu/abs/1989ApJ...343L..65K},
  adsnote = {Provided by the SAO/NASA Astrophysics Data System}
}


@ARTICLE{barnes2003,
   author = {{Barnes}, S.~A.},
    title = "{On the Rotational Evolution of Solar- and Late-Type Stars, Its Magnetic Origins, and the Possibility of Stellar Gyrochronology}",
  journal = {\apj},
   eprint = {astro-ph/0303631},
 keywords = {Galaxy: Open Clusters and Associations: General, Stars: Evolution, Stars: Interiors, Stars: Late-Type, Stars: Magnetic Fields, Stars: Rotation},
     year = 2003,
    month = mar,
   volume = 586,
    pages = {464-479},
      doi = {10.1086/367639},
   adsurl = {http://adsabs.harvard.edu/abs/2003ApJ...586..464B},
  adsnote = {Provided by the SAO/NASA Astrophysics Data System}
}

@ARTICLE{barnes2007,
   author = {{Barnes}, S.~A.},
    title = "{Ages for Illustrative Field Stars Using Gyrochronology: Viability, Limitations, and Errors}",
  journal = {\apj},
archivePrefix = "arXiv",
   eprint = {0704.3068},
 keywords = {Galaxy: Open Clusters and Associations: General, Stars: Activity, Stars: Evolution, Stars: Late-Type, Stars: Magnetic Fields, Stars: Rotation},
     year = 2007,
    month = nov,
   volume = 669,
    pages = {1167-1189},
      doi = {10.1086/519295},
   adsurl = {http://adsabs.harvard.edu/abs/2007ApJ...669.1167B},
  adsnote = {Provided by the SAO/NASA Astrophysics Data System}
}

@ARTICLE{mamajek2008,
   author = {{Mamajek}, E.~E. and {Hillenbrand}, L.~A.},
    title = "{Improved Age Estimation for Solar-Type Dwarfs Using Activity-Rotation Diagnostics}",
  journal = {\apj},
archivePrefix = "arXiv",
   eprint = {0807.1686},
 keywords = {Stars: Activity, Stars: Chromospheres, Stars: Coronae, Stars: Fundamental Parameters, Stars: Rotation, X-Rays: Stars},
     year = 2008,
    month = nov,
   volume = 687,
    pages = {1264-1293},
      doi = {10.1086/591785},
   adsurl = {http://adsabs.harvard.edu/abs/2008ApJ...687.1264M},
  adsnote = {Provided by the SAO/NASA Astrophysics Data System}
}

@ARTICLE{barnes2010,
   author = {{Barnes}, S.~A.},
    title = "{A Simple Nonlinear Model for the Rotation of Main-sequence Cool Stars. I. Introduction, Implications for Gyrochronology, and Color-Period Diagrams}",
  journal = {\apj},
 keywords = {convection, methods: analytical, open clusters and associations: general, stars: evolution, stars: late-type, stars: rotation},
     year = 2010,
    month = oct,
   volume = 722,
    pages = {222-234},
      doi = {10.1088/0004-637X/722/1/222},
   adsurl = {http://adsabs.harvard.edu/abs/2010ApJ...722..222B},
  adsnote = {Provided by the SAO/NASA Astrophysics Data System}
}

@ARTICLE{meibom2011,
   author = {{Meibom}, S. and {Barnes}, S.~A. and {Latham}, D.~W. and {Batalha}, N. and
	{Borucki}, W.~J. and {Koch}, D.~G. and {Basri}, G. and {Walkowicz}, L.~M. and
	{Janes}, K.~A. and {Jenkins}, J. and {Van Cleve}, J. and {Haas}, M.~R. and
	{Bryson}, S.~T. and {Dupree}, A.~K. and {Furesz}, G. and {Szentgyorgyi}, A.~H. and
	{Buchhave}, L.~A. and {Clarke}, B.~D. and {Twicken}, J.~D. and
	{Quintana}, E.~V.},
    title = "{The Kepler Cluster Study: Stellar Rotation in NGC 6811}",
  journal = {\apjl},
archivePrefix = "arXiv",
   eprint = {1104.2912},
 primaryClass = "astro-ph.SR",
 keywords = {open clusters and associations: individual: NGC 6811, stars: activity, stars: late-type, starspots, stars: rotation},
     year = 2011,
    month = may,
   volume = 733,
      eid = {L9},
    pages = {L9},
      doi = {10.1088/2041-8205/733/1/L9},
   adsurl = {http://adsabs.harvard.edu/abs/2011ApJ...733L...9M},
  adsnote = {Provided by the SAO/NASA Astrophysics Data System}
}

@ARTICLE{meibom2015,
   author = {{Meibom}, S. and {Barnes}, S.~A. and {Platais}, I. and {Gilliland}, R.~L. and
	{Latham}, D.~W. and {Mathieu}, R.~D.},
    title = "{A spin-down clock for cool stars from observations of a 2.5-billion-year-old cluster}",
  journal = {\nat},
archivePrefix = "arXiv",
   eprint = {1501.05651},
 primaryClass = "astro-ph.SR",
     year = 2015,
    month = jan,
   volume = 517,
    pages = {589-591},
      doi = {10.1038/nature14118},
   adsurl = {http://adsabs.harvard.edu/abs/2015Natur.517..589M},
  adsnote = {Provided by the SAO/NASA Astrophysics Data System}
}


@ARTICLE{epstein2014,
   author = {{Epstein}, C.~R. and {Pinsonneault}, M.~H.},
    title = "{How Good a Clock is Rotation? The Stellar Rotation-Mass-Age Relationship for Old Field Stars}",
  journal = {\apj},
archivePrefix = "arXiv",
   eprint = {1203.1618},
 primaryClass = "astro-ph.SR",
 keywords = {stars: evolution, stars: late-type, stars: rotation},
     year = 2014,
    month = jan,
   volume = 780,
      eid = {159},
    pages = {159},
      doi = {10.1088/0004-637X/780/2/159},
   adsurl = {http://adsabs.harvard.edu/abs/2014ApJ...780..159E},
  adsnote = {Provided by the SAO/NASA Astrophysics Data System}
}

@ARTICLE{angus2015,
   author = {{Angus}, R. and {Aigrain}, S. and {Foreman-Mackey}, D. and {McQuillan}, A.
	},
    title = "{Calibrating gyrochronology using Kepler asteroseismic targets}",
  journal = {\mnras},
archivePrefix = "arXiv",
   eprint = {1502.06965},
 primaryClass = "astro-ph.EP",
 keywords = {methods: statistical, stars: evolution, stars: fundamental parameters, stars: oscillations, stars: rotation, stars: solar-type},
     year = 2015,
    month = jun,
   volume = 450,
    pages = {1787-1798},
      doi = {10.1093/mnras/stv423},
   adsurl = {http://adsabs.harvard.edu/abs/2015MNRAS.450.1787A},
  adsnote = {Provided by the SAO/NASA Astrophysics Data System}
}

@ARTICLE{vansaders2016,
   author = {{van Saders}, J.~L. and {Ceillier}, T. and {Metcalfe}, T.~S. and
	{Silva Aguirre}, V. and {Pinsonneault}, M.~H. and {Garc{\'{\i}}a}, R.~A. and
	{Mathur}, S. and {Davies}, G.~R.},
    title = "{Weakened magnetic braking as the origin of anomalously rapid rotation in old field stars}",
  journal = {\nat},
archivePrefix = "arXiv",
   eprint = {1601.02631},
 primaryClass = "astro-ph.SR",
     year = 2016,
    month = jan,
   volume = 529,
    pages = {181-184},
      doi = {10.1038/nature16168},
   adsurl = {http://adsabs.harvard.edu/abs/2016Natur.529..181V},
  adsnote = {Provided by the SAO/NASA Astrophysics Data System}
}

@ARTICLE{metcalfe2016,
   author = {{Metcalfe}, T.~S. and {Egeland}, R. and {van Saders}, J.},
    title = "{Stellar Evidence That the Solar Dynamo May Be in Transition}",
  journal = {\apjl},
archivePrefix = "arXiv",
   eprint = {1606.01926},
 primaryClass = "astro-ph.SR",
 keywords = {stars: activity, stars: evolution, stars: magnetic field, stars: rotation, stars: solar-type},
     year = 2016,
    month = jul,
   volume = 826,
      eid = {L2},
    pages = {L2},
      doi = {10.3847/2041-8205/826/1/L2},
   adsurl = {http://adsabs.harvard.edu/abs/2016ApJ...826L...2M},
  adsnote = {Provided by the SAO/NASA Astrophysics Data System}
}

@ARTICLE{matt2012,
   author = {{Matt}, S.~P. and {MacGregor}, K.~B. and {Pinsonneault}, M.~H. and
	{Greene}, T.~P.},
    title = "{Magnetic Braking Formulation for Sun-like Stars: Dependence on Dipole Field Strength and Rotation Rate}",
  journal = {\apjl},
archivePrefix = "arXiv",
   eprint = {1206.2354},
 primaryClass = "astro-ph.SR",
 keywords = {magnetohydrodynamics: MHD, stars: magnetic field, stars: rotation, stars: solar-type, stars: winds, outflows},
     year = 2012,
    month = aug,
   volume = 754,
      eid = {L26},
    pages = {L26},
      doi = {10.1088/2041-8205/754/2/L26},
   adsurl = {http://adsabs.harvard.edu/abs/2012ApJ...754L..26M},
  adsnote = {Provided by the SAO/NASA Astrophysics Data System}
}

@ARTICLE{ness2016,
   author = {{Ness}, M. and {Hogg}, D.~W. and {Rix}, H.-W. and {Martig}, M. and
	{Pinsonneault}, M.~H. and {Ho}, A.~Y.~Q.},
    title = "{Spectroscopic Determination of Masses (and Implied Ages) for Red Giants}",
  journal = {\apj},
archivePrefix = "arXiv",
   eprint = {1511.08204},
 primaryClass = "astro-ph.SR",
 keywords = {Galaxy: stellar content, methods: data analysis, methods: statistical, stars: evolution, stars: fundamental parameters, techniques: spectroscopic},
     year = 2016,
    month = jun,
   volume = 823,
      eid = {114},
    pages = {114},
      doi = {10.3847/0004-637X/823/2/114},
   adsurl = {http://adsabs.harvard.edu/abs/2016ApJ...823..114N},
  adsnote = {Provided by the SAO/NASA Astrophysics Data System}
}

@ARTICLE{vansaders2013,
   author = {{van Saders}, J.~L. and {Pinsonneault}, M.~H.},
    title = "{Fast Star, Slow Star; Old Star, Young Star: Subgiant Rotation as a Population and Stellar Physics Diagnostic}",
  journal = {\apj},
archivePrefix = "arXiv",
   eprint = {1306.3701},
 primaryClass = "astro-ph.SR",
 keywords = {stars: evolution, stars: fundamental parameters, stars: interiors, stars: rotation},
     year = 2013,
    month = oct,
   volume = 776,
      eid = {67},
    pages = {67},
      doi = {10.1088/0004-637X/776/2/67},
   adsurl = {http://adsabs.harvard.edu/abs/2013ApJ...776...67V},
  adsnote = {Provided by the SAO/NASA Astrophysics Data System}
}

@ARTICLE{douglas2016,
       author = {{Douglas}, S.~T. and {Ag{\"u}eros}, M.~A. and {Covey}, K.~R. and
        {Cargile}, P.~A. and {Barclay}, T. and {Cody}, A. and {Howell},
        S.~B. and {Kopytova}, T.},
        title = "{K2 Rotation Periods for Low-mass Hyads and the Implications for
        Gyrochronology}",
      journal = {\apj},
     keywords = {open clusters and associations: individual: Hyades, stars: evolution,
        stars: late-type, stars: low-mass, stars: rotation, Astrophysics
        - Solar and Stellar Astrophysics},
         year = 2016,
        month = May,
       volume = {822},
          eid = {47},
        pages = {47},
          doi = {10.3847/0004-637X/822/1/47},
 primaryClass = {astro-ph.SR},
       adsurl = {https://ui.adsabs.harvard.edu/#abs/2016ApJ...822...47D},
      adsnote = {Provided by the SAO/NASA Astrophysics Data System}
}

@ARTICLE{radick1987,
   author = {{Radick}, R.~R. and {Thompson}, D.~T. and {Lockwood}, G.~W. and
	{Duncan}, D.~K. and {Baggett}, W.~E.},
    title = "{The activity, variability, and rotation of lower main-sequence Hyades stars}",
  journal = {\apj},
 keywords = {Late Stars, Main Sequence Stars, Stellar Activity, Stellar Rotation, Variable Stars, Calcium, Emission Spectra, Potassium, Stellar Spectra, Stellar Spectrophotometry},
     year = 1987,
    month = oct,
   volume = 321,
    pages = {459-472},
      doi = {10.1086/165645},
   adsurl = {http://adsabs.harvard.edu/abs/1987ApJ...321..459R},
  adsnote = {Provided by the SAO/NASA Astrophysics Data System}
}

@ARTICLE{hartman2011,
   author = {{Hartman}, J.~D. and {Bakos}, G.~{\'A}. and {Noyes}, R.~W. and
	{Sip{\H o}cz}, B. and {Kov{\'a}cs}, G. and {Mazeh}, T. and {Shporer}, A. and
	{P{\'a}l}, A.},
    title = "{A Photometric Variability Survey of Field K and M Dwarf Stars with HATNet}",
  journal = {\aj},
 keywords = {binaries: eclipsing, stars: fundamental parameters, stars: late-type, stars: low-mass, stars: rotation, techniques: photometric},
     year = 2011,
    month = may,
   volume = 141,
      eid = {166},
    pages = {166},
      doi = {10.1088/0004-6256/141/5/166},
   adsurl = {http://adsabs.harvard.edu/abs/2011AJ....141..166H},
  adsnote = {Provided by the SAO/NASA Astrophysics Data System}
}

@ARTICLE{delorme2011,
   author = {{Delorme}, P. and {Collier Cameron}, A. and {Hebb}, L. and {Rostron}, J. and
	{Lister}, T.~A. and {Norton}, A.~J. and {Pollacco}, D. and {West}, R.~G.
	},
    title = "{Stellar rotation in the Hyades and Praesepe: gyrochronology and braking time-scale}",
  journal = {\mnras},
archivePrefix = "arXiv",
   eprint = {1101.1222},
 primaryClass = "astro-ph.SR",
 keywords = {techniques: photometric, surveys, stars: rotation, open clusters and associations: individual: Hyades, Praesepe},
     year = 2011,
    month = may,
   volume = 413,
    pages = {2218-2234},
      doi = {10.1111/j.1365-2966.2011.18299.x},
   adsurl = {http://adsabs.harvard.edu/abs/2011MNRAS.413.2218D},
  adsnote = {Provided by the SAO/NASA Astrophysics Data System}
}

@ARTICLE{radick1995,
   author = {{Radick}, R.~R. and {Lockwood}, G.~W. and {Skiff}, B.~A. and
	{Thompson}, D.~T.},
    title = "{A 12 Year Photometric Study of Lower Main-Sequence Hyades Stars}",
  journal = {\apj},
 keywords = {GALAXY: OPEN CLUSTERS AND ASSOCIATIONS: INDIVIDUAL NAME: HYADES, STARS: ACTIVITY, STARS: LATE-TYPE, STARS: ROTATION},
     year = 1995,
    month = oct,
   volume = 452,
    pages = {332},
      doi = {10.1086/176305},
   adsurl = {http://adsabs.harvard.edu/abs/1995ApJ...452..332R},
  adsnote = {Provided by the SAO/NASA Astrophysics Data System}
}

@ARTICLE{casagrande2018,
   author = {{Casagrande}, L. and {VandenBerg}, D.~A.},
    title = "{On the use of Gaia magnitudes and new tables of bolometric corrections}",
  journal = {\mnras},
archivePrefix = "arXiv",
   eprint = {1806.01953},
 primaryClass = "astro-ph.SR",
 keywords = {techniques: photometric, stars: atmospheres, stars: fundamental parameters, stars: Hertzsprung-Russell and colour-magnitude diagrams},
     year = 2018,
    month = sep,
   volume = 479,
    pages = {L102-L107},
      doi = {10.1093/mnrasl/sly104},
   adsurl = {http://adsabs.harvard.edu/abs/2018MNRAS.479L.102C},
  adsnote = {Provided by the SAO/NASA Astrophysics Data System}
}

@ARTICLE{chaplin2014,
   author = {{Chaplin}, W.~J. and {Basu}, S. and {Huber}, D. and others},
    title = "{Asteroseismic Fundamental Properties of Solar-type Stars Observed by the NASA Kepler Mission}",
  journal = {\apjs},
archivePrefix = "arXiv",
   eprint = {1310.4001},
 primaryClass = "astro-ph.SR",
 keywords = {asteroseismology, methods: data analysis, stars: fundamental parameters, stars: interiors },
     year = 2014,
    month = jan,
   volume = 210,
      eid = {1},
    pages = {1},
      doi = {10.1088/0067-0049/210/1/1},
   adsurl = {http://adsabs.harvard.edu/abs/2014ApJS..210....1C},
  adsnote = {Provided by the SAO/NASA Astrophysics Data System}
}

@ARTICLE{ness2015,
   author = {{Ness}, M. and {Hogg}, D.~W. and {Rix}, H.-W. and {Ho}, A.~Y.~Q. and
	{Zasowski}, G.},
    title = "{The Cannon: A data-driven approach to Stellar Label Determination}",
  journal = {\apj},
archivePrefix = "arXiv",
   eprint = {1501.07604},
 primaryClass = "astro-ph.SR",
 keywords = {methods: data analysis, methods: statistical, stars: abundances, stars: fundamental parameters, surveys, techniques: spectroscopic},
     year = 2015,
    month = jul,
   volume = 808,
      eid = {16},
    pages = {16},
      doi = {10.1088/0004-637X/808/1/16},
   adsurl = {http://adsabs.harvard.edu/abs/2015ApJ...808...16N},
  adsnote = {Provided by the SAO/NASA Astrophysics Data System}
}

@ARTICLE{das2018,
   author = {{Das}, P. and {Sanders}, J.~L.},
    title = "{MADE: A spectroscopic Mass, Age, and Distance Estimator for red giant stars with Bayesian machine learning}",
  journal = {\mnras},
archivePrefix = "arXiv",
   eprint = {1804.09596},
 keywords = {Galaxy: evolution, Galaxy: kinematics and dynamics, methods: data analysis, surveys},
     year = 2018,
    month = oct,
      doi = {10.1093/mnras/sty2776},
   adsurl = {http://adsabs.harvard.edu/abs/2018MNRAS.tmp.2672D},
  adsnote = {Provided by the SAO/NASA Astrophysics Data System}
}

@ARTICLE{sanders2018,
   author = {{Sanders}, J.~L. and {Das}, P.},
    title = "{Isochrone ages for 3 million stars with the second Gaia data release}",
  journal = {\mnras},
archivePrefix = "arXiv",
   eprint = {1806.02324},
 keywords = {stars: fundamental parameters, Galaxy: evolution, Galaxy: kinematics and dynamics, Galaxy: stellar content, Galaxy: structure},
     year = 2018,
    month = dec,
   volume = 481,
    pages = {4093-4110},
      doi = {10.1093/mnras/sty2490},
   adsurl = {http://adsabs.harvard.edu/abs/2018MNRAS.481.4093S},
  adsnote = {Provided by the SAO/NASA Astrophysics Data System}
}

@ARTICLE{huber2010,
   author = {{Huber}, D. and {Bedding}, T.~R. and {Stello}, D. and {Mosser}, B. and
	{Mathur}, S. and {Kallinger}, T. and {Hekker}, S. and {Elsworth}, Y.~P. and
	{Buzasi}, D.~L. and {De Ridder}, J. and {Gilliland}, R.~L. and
	{Kjeldsen}, H. and {Chaplin}, W.~J. and {Garc{\'{\i}}a}, R.~A. and
	{Hale}, S.~J. and {Preston}, H.~L. and {White}, T.~R. and {Borucki}, W.~J. and
	{Christensen-Dalsgaard}, J. and {Clarke}, B.~D. and {Jenkins}, J.~M. and
	{Koch}, D.},
    title = "{Asteroseismology of Red Giants from the First Four Months of Kepler Data: Global Oscillation Parameters for 800 Stars}",
  journal = {\apj},
archivePrefix = "arXiv",
   eprint = {1010.4566},
 primaryClass = "astro-ph.SR",
 keywords = {stars: late-type, stars: oscillations},
     year = 2010,
    month = nov,
   volume = 723,
    pages = {1607-1617},
      doi = {10.1088/0004-637X/723/2/1607},
   adsurl = {http://adsabs.harvard.edu/abs/2010ApJ...723.1607H},
  adsnote = {Provided by the SAO/NASA Astrophysics Data System}
}

@ARTICLE{yu2016,
   author = {{Yu}, J. and {Huber}, D. and {Bedding}, T.~R. and {Stello}, D. and
	{Murphy}, S.~J. and {Xiang}, M. and {Bi}, S. and {Li}, T.},
    title = "{Asteroseismology of 1523 misclassified red giants using Kepler data}",
  journal = {\mnras},
archivePrefix = "arXiv",
   eprint = {1608.05803},
 primaryClass = "astro-ph.SR",
 keywords = {techniques: photometric, stars: oscillations},
     year = 2016,
    month = dec,
   volume = 463,
    pages = {1297-1306},
      doi = {10.1093/mnras/stw2074},
   adsurl = {http://adsabs.harvard.edu/abs/2016MNRAS.463.1297Y},
  adsnote = {Provided by the SAO/NASA Astrophysics Data System}
}

@ARTICLE{stello2017,
   author = {{Stello}, D. and {Zinn}, J. and {Elsworth}, Y. and {Garcia}, R.~A. and
	{Kallinger}, T. and {Mathur}, S. and {Mosser}, B. and {Sharma}, S. and
	{Chaplin}, W.~J. and {Davies}, G. and {Huber}, D. and {Jones}, C.~D. and
	{Miglio}, A. and {Silva Aguirre}, V.},
    title = "{The K2 Galactic Archaeology Program Data Release. I. Asteroseismic Results from Campaign 1}",
  journal = {\apj},
archivePrefix = "arXiv",
   eprint = {1611.09852},
 primaryClass = "astro-ph.SR",
 keywords = {Galaxy: general, planetary systems, stars: fundamental parameters, stars: interiors, stars: oscillations: including pulsations},
     year = 2017,
    month = jan,
   volume = 835,
      eid = {83},
    pages = {83},
      doi = {10.3847/1538-4357/835/1/83},
   adsurl = {http://adsabs.harvard.edu/abs/2017ApJ...835...83S},
  adsnote = {Provided by the SAO/NASA Astrophysics Data System}
}

@ARTICLE{yu2018,
   author = {{Yu}, J. and {Huber}, D. and {Bedding}, T.~R. and {Stello}, D. and
	{Hon}, M. and {Murphy}, S.~J. and {Khanna}, S.},
    title = "{Asteroseismology of 16,000 Kepler Red Giants: Global Oscillation Parameters, Masses, and Radii}",
  journal = {\apjs},
archivePrefix = "arXiv",
   eprint = {1802.04455},
 primaryClass = "astro-ph.SR",
 keywords = {catalogs, stars: fundamental parameters, stars: oscillations, techniques: photometric},
     year = 2018,
    month = jun,
   volume = 236,
      eid = {42},
    pages = {42},
      doi = {10.3847/1538-4365/aaaf74},
   adsurl = {http://adsabs.harvard.edu/abs/2018ApJS..236...42Y},
  adsnote = {Provided by the SAO/NASA Astrophysics Data System}
}

@ARTICLE{de_assis_peralta2018,
   author = {{de Assis Peralta}, R. and {Samadi}, R. and {Michel}, E.},
    title = "{A new method for extracting seismic indices and granulation parameters: Results for more than 20,000 CoRoT and Kepler red giants}",
  journal = {Astronomische Nachrichten},
archivePrefix = "arXiv",
   eprint = {1805.04296},
 primaryClass = "astro-ph.SR",
 keywords = {stars: evolution, stars: fundamental parameters, stars: interiors, convection, stars: oscillations (including pulsations)},
     year = 2018,
    month = feb,
   volume = 339,
    pages = {134-157},
      doi = {10.1002/asna.201813469},
   adsurl = {http://adsabs.harvard.edu/abs/2018AN....339..134D},
  adsnote = {Provided by the SAO/NASA Astrophysics Data System}
}

@ARTICLE{matt2015,
   author = {{Matt}, S.~P. and {Brun}, A.~S. and {Baraffe}, I. and {Bouvier}, J. and
	{Chabrier}, G.},
    title = "{The Mass-dependence of Angular Momentum Evolution in Sun-like Stars}",
  journal = {\apjl},
archivePrefix = "arXiv",
   eprint = {1412.4786},
 primaryClass = "astro-ph.SR",
 keywords = {magnetohydrodynamics: MHD, stars: evolution, stars: late-type, stars: magnetic field, stars: rotation, stars: winds, outflows },
     year = 2015,
    month = jan,
   volume = 799,
      eid = {L23},
    pages = {L23},
      doi = {10.1088/2041-8205/799/2/L23},
   adsurl = {http://adsabs.harvard.edu/abs/2015ApJ...799L..23M},
  adsnote = {Provided by the SAO/NASA Astrophysics Data System}
}

@ARTICLE{rebull2016,
   author = {{Rebull}, L.~M. and {Stauffer}, J.~R. and {Bouvier}, J. and
	{Cody}, A.~M. and {Hillenbrand}, L.~A. and {Soderblom}, D.~R. and
	{Valenti}, J. and {Barrado}, D. and {Bouy}, H. and {Ciardi}, D. and
	{Pinsonneault}, M. and {Stassun}, K. and {Micela}, G. and {Aigrain}, S. and
	{Vrba}, F. and {Somers}, G. and {Christiansen}, J. and {Gillen}, E. and
	{Collier Cameron}, A.},
    title = "{Rotation in the Pleiades with K2. I. Data and First Results}",
  journal = {\aj},
archivePrefix = "arXiv",
   eprint = {1606.00052},
 primaryClass = "astro-ph.SR",
 keywords = {globular clusters: individual: Pleiades, stars: rotation},
     year = 2016,
    month = nov,
   volume = 152,
      eid = {113},
    pages = {113},
      doi = {10.3847/0004-6256/152/5/113},
   adsurl = {http://adsabs.harvard.edu/abs/2016AJ....152..113R},
  adsnote = {Provided by the SAO/NASA Astrophysics Data System}
}

@ARTICLE{rebull2017,
   author = {{Rebull}, L.~M. and {Stauffer}, J.~R. and {Hillenbrand}, L.~A. and
	{Cody}, A.~M. and {Bouvier}, J. and {Soderblom}, D.~R. and {Pinsonneault}, M. and
	{Hebb}, L.},
    title = "{Rotation of Late-type Stars in Praesepe with K2}",
  journal = {\apj},
archivePrefix = "arXiv",
   eprint = {1703.07031},
 primaryClass = "astro-ph.SR",
 keywords = {stars: rotation, stars: variables: general},
     year = 2017,
    month = apr,
   volume = 839,
      eid = {92},
    pages = {92},
      doi = {10.3847/1538-4357/aa6aa4},
   adsurl = {http://adsabs.harvard.edu/abs/2017ApJ...839...92R},
  adsnote = {Provided by the SAO/NASA Astrophysics Data System}
}

@ARTICLE{douglas2017,
   author = {{Douglas}, S.~T. and {Ag{\"u}eros}, M.~A. and {Covey}, K.~R. and
	{Kraus}, A.},
    title = "{Poking the Beehive from Space: K2 Rotation Periods for Praesepe}",
  journal = {\apj},
archivePrefix = "arXiv",
   eprint = {1704.04507},
 primaryClass = "astro-ph.SR",
 keywords = {stars: evolution, stars: late-type, stars: rotation},
     year = 2017,
    month = jun,
   volume = 842,
      eid = {83},
    pages = {83},
      doi = {10.3847/1538-4357/aa6e52},
   adsurl = {http://adsabs.harvard.edu/abs/2017ApJ...842...83D},
  adsnote = {Provided by the SAO/NASA Astrophysics Data System}
}

@ARTICLE{vansaders2018,
   author = {{van Saders}, J.~L. and {Pinsonneault}, M.~H. and {Barbieri}, M.
	},
    title = "{Forward Modeling of the Kepler Stellar Rotation Period Distribution: Interpreting Periods from Mixed and Biased Stellar Populations}",
  journal = {ArXiv e-prints},
archivePrefix = "arXiv",
   eprint = {1803.04971},
 primaryClass = "astro-ph.SR",
 keywords = {Astrophysics - Solar and Stellar Astrophysics},
     year = 2018,
    month = mar,
   adsurl = {http://adsabs.harvard.edu/abs/2018arXiv180304971V},
  adsnote = {Provided by the SAO/NASA Astrophysics Data System}
}

